%Background: Virtual Reality

@BOOK {VR_BOOK,
    author    = "S. M. LaValle",
    title     = "Virtual Reality",
    publisher = "Cambridge University Press",
    year      = "2019"
}

@article{DAMOCLES,
author = {I. E. Sutherland},
year = {1968},
pages = {757-764},
title = {A head-mounted three dimensional display},
journal = {Fall Joint Computer Conference},
}

@article{fernandes_feiner_2016, 
title={Combating VR sickness through subtle dynamic field-of-view modification}, 
DOI={10.1109/3dui.2016.7460053}, 
journal={2016 IEEE Symposium on 3D User Interfaces (3DUI)}, 
author={Fernandes, Ajoy S. and Feiner, Steven K.}, 
year={2016}, 
pages={201–210}}

@misc{COMBATING, 
author={A. S. {Fernandes} and S. K. {Feiner}}, 
booktitle={2016 IEEE Symposium on 3D User Interfaces (3DUI)}, 
title={Combating VR sickness through subtle dynamic field-of-view modification}, 
year={2016}, 
volume={}, 
number={}, 
pages={201-210}}


@misc{reddit, 
key={redditrvive},
title={Reddit. R/Vive - {Fallout 4 VR Thoughts + Locomotion issues}}, 
howpublished={\url{https://www.reddit.com/r/Vive/comments/7j9tgx/fallout_4_vr_thoughts_locomotion_issues/}},
note = {Accessed: 2018-01-07}
}

@misc{SENSORAMA_IMAGE, 
key={wikipediasensorama},
title={{Wikipedia Commons. The Sensorama image}}, 
howpublished={\url{https://commons.wikimedia.org/wiki/File:Sensorama-morton-heilig-virtual-reality-headset.jpg}},
note = {Accessed: 2018-01-07}
}

@misc{SENSORAMA, 
author={M. L. Heilig}, 
title={Stereoscopic-television apparatus for individual use}, 
howpublished={\url{https://patents.google.com/patent/US2955156A/en}},
note = {Accessed: 2018-01-07}
}

@misc{OCULUS_HEADSET, 
author={E. Amos}, 
title={{The Oculus Rift CV1 Headset image}}, 
howpublished={\url{https://commons.wikimedia.org/wiki/File:Oculus-Rift-CV1-Headset-Front.jpg}},
note = {Accessed: 2018-01-07}
}

@misc{PSVR_HEADSET, 
author={E. Amos}, 
title={{Sony PlayStation 4 PSVR Headset image}}, 
howpublished={\url{https://commons.wikimedia.org/wiki/File:Sony-PlayStation-4-PSVR-Headset-Mk1-FL.jpg}},
note = {Accessed: 2018-01-07}
}

%Background: VR input methods

@article{VR_TECHNOLOGY, 
  title={State of the art of virtual reality technology},
  author={C. {Anthes} and R. J. {García-Hernández} and M. {Wiedemann} and D. {Kranzlmüller}},
  journal={2016 IEEE Aerospace Conference},
  year={2016},
  pages={1-19}
  }
  
@misc{VIVE_IMAGE, 
key={htcvivecontroller},
title={{HTC Corporation. Vive Controller}}, 
howpublished={\url{https://www.vive.com/us/accessory/controller/}},
note = {Accessed: 2018-01-07}
}

@misc{VR_SHOES, 
author={J. Diaz}, 
title={{Google Working On VR Shoes That Let You Walk Forever In Your Living Room}}, 
howpublished={\url{https://www.tomsguide.com/us/google-vr-shoes-patent,news-28546.html}},
note = {Accessed: 2018-01-07}
}

@mastersthesis{JOYSTICK,
  author       = {A. Aguirre}, 
  title        = {Human-Joystick VR Locomotion tecnique: An empirical approach},
  school       = {Norwegian University of Science and Technology},
  year         = {2018}
}

@misc{GLOVEONE, 
key={kickstartergloveone},
title={{Kickstarter. Gloveone: Feel Virtual Reality}}, 
howpublished={\url{https://www.kickstarter.com/projects/gloveone/gloveone-feel-virtual-reality}},
note = {Accessed: 2018-01-07}
}

@misc{VIVE_STATION, 
key={htcvivebasestation},
title={{HTC Corporation. Vive Base Station}}, 
howpublished={\url{https://www.vive.com/us/accessory/base-station/}},
note = {Accessed: 2018-01-07}
}